<record><leader>00000cas a22000007a 4500</leader><controlfield tag="001">10659364</controlfield><controlfield tag="008">840424d18451853wiuwr ne      0   a0eng d</controlfield><datafield ind1=" " ind2=" " tag="010"><subfield code="a">sn 84024397 </subfield></datafield><datafield ind1=" " ind2=" " tag="040"><subfield code="a">NPV</subfield><subfield code="b">eng</subfield><subfield code="c">NPV</subfield><subfield code="d">OCLCQ</subfield></datafield><datafield ind1=" " ind2=" " tag="042"><subfield code="a">msc</subfield></datafield><datafield ind1="0" ind2=" " tag="130"><subfield code="a">Western star (Elkhorn, Wis.)</subfield></datafield><datafield ind1="1" ind2="0" tag="245"><subfield code="a">Western star.</subfield></datafield><datafield ind1=" " ind2=" " tag="260"><subfield code="a">Elkhorn, Walworth County, Wis. :</subfield><subfield code="b">Gale &amp; Utter,</subfield><subfield code="c">1845-1853.</subfield></datafield><datafield ind1=" " ind2=" " tag="300"><subfield code="a">v.</subfield></datafield><datafield ind1=" " ind2=" " tag="310"><subfield code="a">Weekly</subfield></datafield><datafield ind1="0" ind2=" " tag="362"><subfield code="a">Vol. 1, no. 1 (Aug. 8, 1845)-</subfield></datafield><datafield ind1="1" ind2=" " tag="362"><subfield code="a">Ceased in Mar. 1853.</subfield><subfield code="z">Cf. Oehlerts, d. E. Guide to Wis. newspapers.</subfield></datafield><datafield ind1=" " ind2=" " tag="752"><subfield code="a">United States</subfield><subfield code="b">Wisconsin</subfield><subfield code="c">Walworth</subfield><subfield code="d">Elkhorn.</subfield></datafield><datafield ind1="0" ind2="0" tag="785"><subfield code="t">Walworth County reporter</subfield><subfield code="w">(DLC)sn 84024377</subfield></datafield></record>